% Encoding: UTF-8
@article{vivo2015book,
	title={The book of shaders},
	author={Vivo, Patricio Gonzalez and Lowe, Jen},
	journal={Dosegljivo: https://thebookofshaders. com},
	year={2015}
}

@online{GrundZa,
  author = {Entwurfsforschung.de},
  title = {Grundlagen Zellulärer Automat},
  url = {https://www.entwurfsforschung.de/alt/RaumProzesse/Grundlagen.htm},
  urldate = {2021-11-24}
}
@online{AnRau,
  author = {de.khanacadema.org},
  title = {Challenge:Animierte Rauschen},
  url = {https://de.khanacademy.org/computing/computer-programming/programming-natural-simulations/programming-noise/pc/challenge-animated-noise},
  urldate = {2021-11-29}
}
@online{PerlNoi,
  author = {de-academics.de},
  title = {Perlin-Noise},
  url = {https://de-academic.com/dic.nsf/dewiki/2540472},
  urldate = {2021-11-29}
}
@online{ZellAut,
  author = {De-academics.com},
  title = {Zellulärer Automat},
  url = {https://de-academic.com/dic.nsf/dewiki/1545568},
  urldate = {2021-11-24}
} 
@BOOK{hoffman:theoretischeInformatik,
  AUTHOR       = "Hoffmann D.",
  TITLE        = "Theoretische Informatik. Zellulärer Automaten",
  PUBLISHER    = "Carl Hanser Verlag",
  YEAR         = "2018",
  ADDRESS      = "München"
}
@BOOK{bogon:Schwarm,
  AUTHOR       = "Bogon T.",
  TITLE        = "Agentenbasierte Schwarmintelligenz. Schwarmintelligenz",
  PUBLISHER    = "Springer Verlag",
  YEAR         = "2012",
  ADDRESS      = "Trier"
}

@ARTICLE{wolfram1983statistical,
       author = {{Wolfram}, Stephen},
        title = "{Statistical mechanics of cellular automata}",
      journal = {Reviews of Modern Physics},
         year = 1983,
        month = jul,
       volume = {55},
       number = {3},
        pages = {601-644},
          doi = {10.1103/RevModPhys.55.601},
       adsurl = {https://ui.adsabs.harvard.edu/abs/1983RvMP...55..601W},
      adsnote = {Provided by the SAO/NASA Astrophysics Data System}
}
@book{toffoli1987cellular,
  title={Cellular Automata Machines: A New Environment for Modeling},
  author={Toffoli, T. and Margolus, N.},
  isbn={9780262200608},
  lccn={lc86033804},
  series={MIT Press series in scientific computation},
  url={https://books.google.de/books?id=HBlJzrBKUTEC},
  year={1987},
  publisher={Cambridge}
}

@book{schiff2011cellular,
  title={Cellular Automata: A Discrete View of the World},
  author={Schiff, J.L.},
  isbn={9781118030639},
  lccn={2007042557},
  series={Wiley Series in Discrete Mathematics \& Optimization},
  url={https://books.google.de/books?id=uXJC2C2sRbIC},
  year={2011},
  publisher={Wiley}
}

@article{bays1987candidates,
  title={Candidates for the game of life in three dimensions},
  author={Bays, Carter and others},
  journal={Complex Systems},
  volume={1},
  number={3},
  pages={373--400},
  year={1987}
}

@article{gardner1970mathematical,
 ISSN = {00368733, 19467087},
 URL = {http://www.jstor.org/stable/24927642},
 author = {Martin Gardner},
 journal = {Scientific American},
 number = {4},
 pages = {120--123},
 publisher = {Scientific American, a division of Nature America, Inc.},
 title = {MATHEMATICAL GAMES},
 volume = {223},
 year = {1970}
}

@Book{prusinkiewicz1990algorithmic,
  author    = {Prusinkiewicz, Przemyslaw and Lindenmayer, Aristid},
  title     = {The algorithmic beauty of plants},
  publisher = {Springer Science \& Business Media},
  url       = {http://algorithmicbotany.org/papers/abop/abop.pdf},
  year      = {1990},
}

@book{shiffman2012nature,
	title={The nature of code},
	author={Shiffman, Daniel and Fry, Shannon and Marsh, Zannah},
	year={2012},
	publisher={D. Shiffman}
}

@inproceedings{reynolds1987flocks,
	title={Flocks, herds and schools: A distributed behavioral model},
	author={Reynolds, Craig W},
	booktitle={Proceedings of the 14th annual conference on Computer graphics and interactive techniques},
	pages={25--34},
	year={1987}
}

@Misc{wiki2018lsystem,
  author = {Wikimedia Commons},
  title  = {L-system --- Wikimedia Commons{,}},
  note   = {[Online; accessed 10-Januar-2022]},
  url    = {\url{https://commons.wikimedia.org/w/index.php?title=L-system&oldid=303785365}},
  year   = {2018},
}

@book{mandelbrot1983fractal,
  title={The Fractal Geometry of Nature},
  author={Mandelbrot, B.B. and Mandelbrot, B. and W. H. Freeman and Company},
  isbn={9780716711865},
  lccn={97133578},
  series={Einaudi paperbacks},
  url={https://books.google.de/books?id=0R2LkE3N7-oC},
  year={1983},
  publisher={Henry Holt and Company}
}

@article{reeves1983particle,
author = {Reeves, W. T.},
title = {Particle Systems—a Technique for Modeling a Class of Fuzzy Objects},
year = {1983},
issue_date = {April 1983},
publisher = {Association for Computing Machinery},
address = {New York, NY, USA},
volume = {2},
number = {2},
issn = {0730-0301},
url = {https://doi.org/10.1145/357318.357320},
doi = {10.1145/357318.357320},
journal = {ACM Trans. Graph.},
month = {apr},
pages = {91–108},
numpages = {18}
}

@online{shiffman2022smoke,
  author = {Shiffman, D.},
  title = {Smoke Particle System},
  url = {https://processing.org/examples/smokeparticlesystem.html},
  urldate = {2022-01-10}
}

@article{house2016autonomous,
	title={Autonomous evolution of digital art using genetic algorithms},
	author={House, Amanda and Agah, Arvin},
	journal={Journal of Intelligent Systems},
	volume={25},
	number={3},
	pages={319--333},
	year={2016},
	publisher={De Gruyter}
}

@book{reas2007processing,
	title={Processing: a programming handbook for visual designers and artists},
	author={Reas, Casey and Fry, Ben},
	year={2007},
	publisher={Mit Press}
}

@misc{PetersSS21EMCI,
  author = {Prof. Dr. Gabriele Peters},
  date   = {Sommersemester 2021},
  title  = {Einführung in Mensch - Computer - Interaktion},
  pages  = {229--232},
  year = {2021}
}

@online{DavidEppstein2005,
  author = { Eppstein,David and Goodrich, Michael T. and Sun, Jonathan Z. },
  date   = {2005},
  title  = {The Skip Quadtree},
  url    = {https://www.ics.uci.edu/~eppstein/pubs/EppGooSun-SoCG-05.pdf}
}

@online{reynolds2001boids,
  author = {Reynolds, Craig},
  date   = {2001},
  title  = {Boids},
  url    = {http://www.red3d.com/cwr/boids/}
}

@article{Samet,
  author       = {Samet, Hanan },
  journal 	   = {Computing Surveys, Voi. 16, No. 2},	
  volume       = {16},
  number       = {2},
  title        = {The Quadtree and Related Hierarchical Data Structures},
  year = {1989}
}

@book{prusinkiewicz2012algorithmic,
	title={The algorithmic beauty of plants},
	author={Prusinkiewicz, Przemyslaw and Lindenmayer, Aristid},
	year={2012},
	publisher={Springer Science \& Business Media}
}

@online{OsgiAlliance,
  author = {OSGi Alliance},
  url = {https://enroute.osgi.org/FAQ/400-patterns.html},
  urldate = {2022-02-30}
}
